<?xml version="1.0" encoding="UTF-8"?><collection xmlns="http://www.loc.gov/MARC21/slim"><record><leader>00550nam--2200169-i-4500</leader><controlfield tag="001">000026227</controlfield><controlfield tag="002">20161230</controlfield><controlfield tag="005">20161230201036</controlfield><controlfield tag="008">060222s1000------------r-----000-0-eng-d</controlfield><datafield ind1=" " ind2=" " tag="040"><subfield code="a">IFIN-HH</subfield></datafield><datafield ind1=" " ind2=" " tag="080"><subfield code="a">538.22</subfield></datafield><datafield ind1="1" ind2=" " tag="100"><subfield code="a">Wagner, D</subfield></datafield><datafield ind1="1" ind2="0" tag="245"><subfield code="a">Introduction to the theory of magnetism</subfield><subfield code="b">Translated by ferdinand cap, traslantion edited by d.ter haar</subfield><subfield code="c">D. wagner</subfield></datafield><datafield ind1=" " ind2=" " tag="260"><subfield code="a">Oxford</subfield><subfield code="b">Pergamon Press</subfield><subfield code="c">1972</subfield></datafield><datafield ind1=" " ind2=" " tag="490"><subfield code="a">International Series Of Monographs In Natural Phylosophy</subfield><subfield code="v">Volume 48</subfield></datafield><datafield ind1=" " ind2=" " tag="852"><subfield code="a">37561</subfield><subfield code="c">538.221</subfield></datafield><datafield ind1=" " ind2=" " tag="CAT"><subfield code="a">Sys</subfield><subfield code="c">20110919</subfield><subfield code="h">111315</subfield></datafield></record></collection>